@article{Weaver:2009up,
author = {Weaver, N and Sommer, R and Paxson, V},
title = {{Detecting Forged TCP Reset Packets.}},
journal = {NDSS},
year = {2009}
}

@article{Vutukuru:2008fc,
author = {Vutukuru, M and Balakrishnan, H and Paxson, V},
title = {{Efficient and Robust TCP Stream Normalization}},
journal = {Security and Privacy, 2008. SP 2008. IEEE Symposium on},
year = {2008}
}

@article{Dharmapurikar:2005vb,
author = {Dharmapurikar, S and Paxson, V},
title = {{Robust TCP stream reassembly in the presence of adversaries}},
journal = {USENIX Security Symposium},
year = {2005}
}

@article{Crowcroft:1998dk,
author = {Crowcroft, Jon and Oechslin, Philippe},
title = {{Differentiated end-to-end Internet services using a weighted proportional fair sharing TCP}},
journal = {SIGCOMM Comput. Commun. Rev.},
year = {1998}
}

@inproceedings{Chakravorty:2003dm,
author = {Chakravorty, R and Katti, S and Crowcroft, J and Pratt, I},
title = {{Flow aggregation for enhanced TCP over wide-area wireless}},
booktitle = {INFOCOM 2003. Twenty-Second Annual Joint Conference of the IEEE Computer and Communications. IEEE Societies},
year = {2003}
}

@article{Chu:2011tn,
author = {Chu, J and Jain, A and Cheng, Y and radhakrishnan, S},
title = {{TCP Fast Open}},
journal = {url},
year = {2011}
}

@inproceedings{Guha2005tb,
author = {Guha, Saikat and Francis, Paul},
title = {{Characterization and measurement of TCP traversal through NATs and firewalls}},
booktitle = {IMC '05: Proceedings of the 5th ACM SIGCOMM conference on Internet Measurement},
year = {2005}
}

@article{Bellovin:uz,
author = {Bellovin, Steven and Gont, Fernando},
title = {{Defending against Sequence Number Attacks}},
journal = {tools.ietf.org}
}

@article{Qian:2012bj,
author = {Qian, Zhiyun and Mao, Z M},
title = {{Off-path TCP Sequence Number Inference Attack - How Firewall Middleboxes Reduce Security}},
journal = {Security and Privacy (SP), 2012 IEEE Symposium on},
year = {2012}
}

@inproceedings{Qian:2012wb,
author = {Qian, Z and Mao, Z M and Xie, Y},
title = {{Collaborative TCP sequence number inference attack: How to crack sequence number under a second}},
booktitle = {Proceedings of the 2012 ACM conference on {\ldots}},
year = {2012}
}

@article{Bellovin:hON2xZB2,
author = {Bellovin, S},
title = {{Defending Against Sequence Number Attacks}},
journal = {tools.ietf.org}
}

@article{Handley:vj,
author = {Handley, Mark and Bonaventure, Olivier and Raiciu, Costin and Ford, Alan},
title = {{TCP Extensions for Multipath Operation with Multiple Addresses}},
journal = {tools.ietf.org}
}

@article{Postel:3EDyoxP_,
author = {Postel, J},
title = {{Transmission Control Protocol}},
journal = {tools.ietf.org}
}

@article{Flach:2013uy,
author = {Flach, Tobias and Dukkipati, Nandita and Terzis, Andreas and Raghavan, Barath and Cardwell, Neal and Cheng, Yuchung and Jain, Ankur and Hao, Shuai and Katz-Bassett, Ethan and Govindan, Ramesh},
title = {{Reducing web latency: the virtue of gentle aggression}},
journal = {ACM SIGCOMM Computer Communication Review},
year = {2013}
}

@inproceedings{Huang:2011uw,
author = {Huang, L S and Chen, E Y and Barth, A and Rescorla, E},
title = {{Talking to yourself for fun and profit}},
booktitle = {Proceedings of {\ldots}},
year = {2011}
}

@article{Jain:2014tn,
author = {Jain, A and Cheng, Y and radhakrishnan, S and Chu, J},
title = {{TCP Fast Open}},
journal = {tools.ietf.org},
year = {2014}
}

@inproceedings{Stone:2000fc,
author = {Stone, Jonathan and Partridge, Craig},
title = {{When the CRC and TCP checksum disagree}},
booktitle = {SIGCOMM '00: Proceedings of the conference on Applications, Technologies, Architectures, and Protocols for Computer Communication},
year = {2000}
}

@article{Gont:2011vi,
author = {Gont, F and Yourtchenko, A},
title = {{On the Implementation of the TCP Urgent Mechanism}},
journal = {rfc-editor.org},
year = {2011}
}

@article{Honda,
author = {Honda, Michio and Nishida, Yoshifumi and Raiciu, Costin and Greenhalgh, Adam and Handley, Mark and Tokuda, Hideyuki},
title = {{Is it still possible to extend TCP?}},
journal = {the 2011 ACM SIGCOMM conference},
year = {2011}
}

@inproceedings{UntoldMiddlebox2011,
author = {Wang, Z and Qian, Z and Xu, Q and Mao, Zhuoqing Morley and Zhang, Ming},
title = {{An untold story of middleboxes in cellular networks}},
booktitle = {Proceedings of the ACM SIGCOMM Conference},
year = {2011}
}

@book{Kopparty:2002ht,
author = {Kopparty, S and Krishnamurthy, S V and Faloutsos, Michalis and Tripathi, S K},
title = {{Split TCP for mobile ad hoc networks}},
publisher = {IEEE},
year = {2002}
}

@article{Handley:2001vp,
author = {Handley, M and Paxson, V and Kreibich, C},
title = {{Network Intrusion Detection: Evasion, Traffic Normalization, and End-to-End Protocol Semantics.}},
journal = {USENIX Security Symposium},
year = {2001}
}

@article{Bonaventure:wx,
author = {Bonaventure, Olivier and Paasch, Christoph},
title = {{A generic control stream for Multipath TCP}},
journal = {tools.ietf.org}
}

@article{Mazieres:uz,
author = {Mazieres, David and Boneh, Dan and Slack, Quinn and Hamburg, Mike and Bittau, Andrea and Handley, Mark},
title = {{Cryptographic protection of TCP Streams (tcpcrypt)}},
journal = {tools.ietf.org}
}

@article{Tuexen:wv,
author = {Tuexen, Michael and Loreto, Salvatore and Jesup, Randell},
title = {{WebRTC Data Channel Protocol}},
journal = {tools.ietf.org}
}

@Misc{seolma,
  title = {{NIDS Evasion Method named ``SeolMa''}},
  author = {Yoon , Young and Oh, Jae Yong and Yoon, Young Min},
  howpublished = {Phrack Magazine, Volume 0x0b, Issue 0x39, Phile \#0x03 of 0x12 \url{http://phrack.org/issues/57/3.html}}
}

@article{Floyd:up,
author = {Floyd, Sally and Ramakrishnan, K K and Black, David L},
title = {{The Addition of Explicit Congestion Notification (ECN) to IP}},
journal = {tools.ietf.org}
}

@article{Ely:uc,
author = {Ely, David and Spring, Neil and Wetherall, David},
title = {{Robust Explicit Congestion Notification (ECN) Signaling with Nonces}},
journal = {tools.ietf.org}
}

@article{Egevang:tu,
author = {Egevang, Kjeld Borch and Srisuresh, Pyda},
title = {{Traditional IP Network Address Translator (Traditional NAT)}},
journal = {tools.ietf.org}
}

@ARTICLE{5462976, 
author={Afanasyev, A. and Tilley, N. and Reiher, P. and Kleinrock, L.}, 
journal={Communications Surveys Tutorials, IEEE}, 
title={Host-to-Host Congestion Control for TCP}, 
year={2010}, 
}

@article{Kuhlewind:2014vd,
author = {K{\"u}hlewind, M and Scheffenegger, R and Briscoe, B},
title = {{More Accurate ECN Feedback in TCP}},
journal = {tools.ietf.org},
year = {2014}
}

@incollection{Kuhlewind:2013hr,
author = {K{\"u}hlewind, Mirja and Neuner, Sebastian and Trammell, Brian},
title = {{On the State of ECN and TCP Options on the Internet}},
booktitle = {Passive and Active Measurement},
year = {2013}
}

@article{Rowland:1997vq,
author = {Rowland, Craig H},
title = {{Covert channels in the TCP/IP protocol suite}},
journal = {First Monday},
year = {1997}
}

@article{Rescorla:R080FoGB,
author = {Rescorla, Eric},
title = {{TCP Use TLS Option}},
journal = {tools.ietf.org}
}

@article{Zielinska:2014fn,
author = {Zieli{\'{n}}ska, El{\.{z}}bieta and Mazurczyk, Wojciech and Szczypiorski, Krzysztof},
title = {{Trends in steganography}},
journal = {Communications of the ACM},
year = {2014}
}

@article{Frczek:2012dl,
author = {Frczek, Wojciech and Mazurczyk, Wojciech and Szczypiorski, Krzysztof},
title = {{Hiding information in a Stream Control Transmission Protocol}},
journal = {Computer Communications},
year = {2012}
}

@patent{Ha:2006td,
author = {Ha, Sungwon and Han, Sung-wook and Kim, Tae-eun and Bharghavan, Vaduvur and Madhow, Upamanyu and Ramchandran, Kannan and {Bytemobile, Inc.}},
title = {{Data transport acceleration and management within a network communication system}},
type = {Patent},
number = {US7099273 B2},
year = {2006}
}

@incollection{Murdoch:2005fz,
author = {Murdoch, Steven J and Lewis, Stephen},
title = {{Embedding Covert Channels into TCP/IP}},
booktitle = {Passive and Active Measurement},
year = {2005}
}

@inproceedings{Raiciu:2012ur,
author = {Raiciu, Costin and Paasch, Christoph and Barre, Sebastien and Ford, Alan and Honda, Michio and Duchene, Fabien and Bonaventure, Olivier and Handley, Mark},
title = {{How hard can it be? designing and implementing a deployable multipath TCP}},
booktitle = {NSDI'12: Proceedings of the 9th USENIX conference on Networked Systems Design and Implementation},
year = {2012}
}

@article{Weaver:RHwbx82O,
author = {Weaver, N and Kreibich, C and Dam, M and Paxson, V},
title = {{Here Be Web Proxies}},
journal = {Passive and Active Measurement},
year = {2014}
}

@inproceedings{Giffin:2002wh,
author = {Giffin, J and Greenstadt, R and Litwack, P and Tibbetts, R},
title = {{Covert Messaging Through TCP Timestamps}},
booktitle = {Workshop on Privacy Enhancing Technologies},
year = {2002}
}

@book{John:2007dv,
author = {John, Wolfgang and Tafvelin, Sven},
title = {{Analysis of internet backbone traffic and header anomalies observed}},
publisher = {ACM},
year = {2007}
}

@article{Eddy:2007to,
author = {Eddy, W M},
title = {{TCP SYN flooding attacks and common mitigations}},
journal = {tools.ietf.org},
year = {2007}
}

@article{Dukkipati:2010hs,
author = {Dukkipati, Nandita and Refice, Tiziana and Cheng, Yuchung and Chu, Jerry and Herbert, Tom and Agarwal, Amit and Jain, Arvind and Sutin, Natalia},
title = {{An argument for increasing TCP's initial congestion window}},
journal = {ACM SIGCOMM Computer Communication Review},
year = {2010}
}

@book{Eddy:2008tv,
author = {Eddy, W and Langley, A},
title = {{Extending the space available for tcp options}},
publisher = {draft-eddy-tcp-loo-04 (work in progress)},
year = {2008}
}

@article{Ramaiah:2012wa,
author = {Ramaiah, A},
title = {{TCP option space extension}},
journal = {tools.ietf.org},
year = {2012}
}

@inproceedings{Aucinas:2013uk,
author = {Aucinas, Andrius and Vallina-Rodriguez, Narseo and Grunenberger, Yan and Erramilli, Vijay and Papagiannaki, Konstantina and Crowcroft, Jon and Wetherall, David},
title = {{Staying online while mobile: the hidden costs}},
booktitle = {CoNEXT '13: Proceedings of the ninth ACM conference on Emerging networking experiments and technologies},
year = {2013}
}

